<marc:record xmlns:marc="http://www.loc.gov/MARC21/slim"><marc:leader>00718nam a22001330a 45 0</marc:leader><marc:controlfield tag="001">307250</marc:controlfield><marc:controlfield tag="003">NL-AMISG</marc:controlfield><marc:controlfield tag="005">19950210234845.0</marc:controlfield><marc:controlfield tag="008">199502suuuuuuuu||||||||||||||||||||||| d</marc:controlfield><marc:datafield ind1=" " ind2=" " tag="035"><marc:subfield code="a">(IISG)IISGb10048265</marc:subfield></marc:datafield><marc:datafield ind1=" " ind2=" " tag="040"><marc:subfield code="a">NL-AmISG</marc:subfield></marc:datafield><marc:datafield ind1="1" ind2=" " tag="100"><marc:subfield code="a">Bebel, August.</marc:subfield></marc:datafield><marc:datafield ind1="1" ind2="0" tag="245"><marc:subfield code="a">Sozialdemokratie und Antisemitismus. Rede auf dem IV. Parteitag der Sozialdemokratischen Partei zu Köln a.R. Nebst einem Nachtr.</marc:subfield></marc:datafield><marc:datafield ind1=" " ind2=" " tag="260"><marc:subfield code="a">Berlin,</marc:subfield><marc:subfield code="c">1894.</marc:subfield></marc:datafield><marc:datafield ind1=" " ind2=" " tag="690"><marc:subfield code="a">D 1205</marc:subfield><marc:subfield code="b">Germany; social history; 19th, 20th century; socialism; socialist theories; friends and followers of Marx, Engels and Lassalle: A. Bebel</marc:subfield><marc:subfield code="c">Duitsland; geschiedenis der sociale toestanden, bewegingen, organisaties en ideeën; de 18e tot 20e eeuw; socialisme; socialistische theorie; vrienden en volgelingen van Marx, Engels en Lassalle;A. Bebel.</marc:subfield></marc:datafield><marc:datafield ind1=" " ind2=" " tag="852"><marc:subfield code="a">IISG</marc:subfield><marc:subfield code="b">IISG</marc:subfield><marc:subfield code="c">IISG</marc:subfield><marc:subfield code="j">D 1205/96</marc:subfield><marc:subfield code="p">N10047773</marc:subfield></marc:datafield><marc:datafield ind1=" " ind2=" " tag="901"><marc:subfield code="a">307250</marc:subfield><marc:subfield code="b">Unknown</marc:subfield><marc:subfield code="c">307250</marc:subfield><marc:subfield code="t">biblio</marc:subfield></marc:datafield><marc:datafield ind1=" " ind2=" " tag="902"><marc:subfield code="a">10622/48F8B775-C442-44BF-BFB1-B7338CBF22F7</marc:subfield></marc:datafield></marc:record>